%YAML 1.1
%TAG !u! tag:unity3d.com,2011:
--- !u!1001 &100100000
Prefab:
  m_ObjectHideFlags: 1
  serializedVersion: 2
  m_Modification:
    m_TransformParent: {fileID: 0}
    m_Modifications: []
    m_RemovedComponents: []
  m_ParentPrefab: {fileID: 0}
  m_RootGameObject: {fileID: 1000012989982974}
  m_IsPrefabParent: 1
--- !u!1 &1000012989982974
GameObject:
  m_ObjectHideFlags: 0
  m_PrefabParentObject: {fileID: 0}
  m_PrefabInternal: {fileID: 100100000}
  serializedVersion: 4
  m_Component:
  - 4: {fileID: 4000010486766674}
  - 33: {fileID: 33000012096066548}
  - 23: {fileID: 23000013406188670}
  - 65: {fileID: 65000011879635178}
  - 114: {fileID: 114000013994824678}
  m_Layer: 10
  m_Name: shotgun_bullet
  m_TagString: Untagged
  m_Icon: {fileID: 0}
  m_NavMeshLayer: 0
  m_StaticEditorFlags: 0
  m_IsActive: 1
--- !u!4 &4000010486766674
Transform:
  m_ObjectHideFlags: 1
  m_PrefabParentObject: {fileID: 0}
  m_PrefabInternal: {fileID: 100100000}
  m_GameObject: {fileID: 1000012989982974}
  m_LocalRotation: {x: 0.20810938, y: 0.6757889, z: -0.6757887, w: -0.20810938}
  m_LocalPosition: {x: 4.902, y: 0.444, z: 1.244}
  m_LocalScale: {x: 10, y: 10, z: 10}
  m_LocalEulerAnglesHint: {x: 0, y: 0, z: 0}
  m_Children: []
  m_Father: {fileID: 0}
  m_RootOrder: 0
--- !u!23 &23000013406188670
MeshRenderer:
  m_ObjectHideFlags: 1
  m_PrefabParentObject: {fileID: 0}
  m_PrefabInternal: {fileID: 100100000}
  m_GameObject: {fileID: 1000012989982974}
  m_Enabled: 1
  m_CastShadows: 1
  m_ReceiveShadows: 1
  m_MotionVectors: 1
  m_LightProbeUsage: 1
  m_ReflectionProbeUsage: 1
  m_Materials:
  - {fileID: 2100000, guid: 8cfa1c13b9296c4438d498feebcfac57, type: 2}
  - {fileID: 2100000, guid: 6425a8be3beabe34aa7ce18869e00725, type: 2}
  m_SubsetIndices: 
  m_StaticBatchRoot: {fileID: 0}
  m_ProbeAnchor: {fileID: 0}
  m_LightProbeVolumeOverride: {fileID: 0}
  m_ScaleInLightmap: 1
  m_PreserveUVs: 0
  m_IgnoreNormalsForChartDetection: 0
  m_ImportantGI: 0
  m_SelectedWireframeHidden: 0
  m_MinimumChartSize: 4
  m_AutoUVMaxDistance: 0.5
  m_AutoUVMaxAngle: 89
  m_LightmapParameters: {fileID: 0}
  m_SortingLayerID: 0
  m_SortingOrder: 0
--- !u!33 &33000012096066548
MeshFilter:
  m_ObjectHideFlags: 1
  m_PrefabParentObject: {fileID: 0}
  m_PrefabInternal: {fileID: 100100000}
  m_GameObject: {fileID: 1000012989982974}
  m_Mesh: {fileID: 4300000, guid: b515db9c17148de4ca88ed612ce068fd, type: 3}
--- !u!65 &65000011879635178
BoxCollider:
  m_ObjectHideFlags: 1
  m_PrefabParentObject: {fileID: 0}
  m_PrefabInternal: {fileID: 100100000}
  m_GameObject: {fileID: 1000012989982974}
  m_Material: {fileID: 0}
  m_IsTrigger: 1
  m_Enabled: 1
  serializedVersion: 2
  m_Size: {x: 0.044086482, y: 0.033261955, z: 0.04862437}
  m_Center: {x: -0.002411857, y: 9.313226e-10, z: 0.0034854345}
--- !u!114 &114000013994824678
MonoBehaviour:
  m_ObjectHideFlags: 1
  m_PrefabParentObject: {fileID: 0}
  m_PrefabInternal: {fileID: 100100000}
  m_GameObject: {fileID: 1000012989982974}
  m_Enabled: 1
  m_EditorHideFlags: 0
  m_Script: {fileID: 11500000, guid: 32c1e7092baf66e498eb4d348bbd4fad, type: 3}
  m_Name: 
  m_EditorClassIdentifier: 
  DoesDestroyOnEnemyTouch: 0
  DoesDestroyOnBulletTouch: 0
  DoesHover: 1
  MaxUpHover: 0.3
  MinUpHover: 0.1
  TravelTime: 3
  RotationSpeed: 20
  PickupClip: {fileID: 8300000, guid: d78a23038e2d1cc48a7f05b8f0a43c69, type: 3}
